  @STRING{ AAS   = "Adv. Atmosph. Sci. " }
  @STRING{ AOR   = "Appl. Ocean Res." }
  @STRING{ BAMS  = "Bull. Am. Meteor. Soc." }
  @STRING{ BLM   = "Bound. Layer Meteor." }
  @STRING{ CE    = "Coastal Eng." }
  @STRING{ CMAME = "Comput. Methods Appl. Mech. Engng."}
  @STRING{ CSR   = "Cont. Shelf Res."}
  @STRING{ DSR   = "Deep-Sea Res."}
  @STRING{ EVO   = "Evolut. Comp." }
  @STRING{ GRL   = "Geophys. Res. Lett." }
  @STRING{ JAS   = "J. Atm. Sc." }
  @STRING{ JTech = "J. Atmos. Oceanic Techn." }
  @STRING{ JCR   = "J. Coastal Res." }
  @STRING{ JCP   = "J. Comput. Physics"}
  @STRING{ JFM   = "J. Fluid Mech."}
  @STRING{ JGLR  = "J. Great Lakes Res."}
  @STRING{ JGR   = "J. Geophys. Res."}
  @STRING{ JM    = "J. Meteorol."}
  @STRING{ JMS   = "J. Mar. Sys."}
  @STRING{ JOMAE = "J. Offshore Mech. and Arctic Eng."}
  @STRING{ JPO   = "J. Phys. Oceanogr."}
  @STRING{ JWEIA = "J. Wind Engineer. and Indust.  Aerodyn."}
  @STRING{ JWPCO = "J. of Waterway, Port, Coastal and Ocean Eng."}
  @STRING{ MG    = "Mar. Geod."}
  @STRING{ MWR   = "Mon. Wea. Rev."}
  @STRING{ NPG   = "Nonlinear Proc. Geoph."}
  @STRING{ OCEAN = "Oceanogr."}
  @STRING{ OE    = "Ocean Eng."}
  @STRING{ OPE   = "Int. J. Offshore Polar Eng."}
  @STRING{ OMOD  = "Ocean Mod."}
  @STRING{ NN    = "Neural Networks"}
  @STRING{ PACO  = "Parallel Computing"}
  @STRING( PO    = "Progress in Oceanograpy")
  @STRING{ WaF   = "Wea. Forecasting"}
  @STRING{ QJ    = "Quart. J. Roy. Meteor. Soc."}
  @STRING( QJAM  = "Quart. Journ. Appl. Math.")
  @STRING{ GAOS  = "The Global Atmosphere and Ocean System"}
  @STRING{ TRANS = "Trans. Roy. Soc. London"}
  @STRING{ MS    = "Marine Structures"}
  @STRING{ PROC  = "Proc. Roy. Soc. London"}
  @STRING{ RGSP  = "Rev. Geophys. Space Phys."}
  @STRING( TCPS =  "Trans. Camb. Phil. Soc.")

  @STRING{ ICCE78 = "Proc. 16th Int. Conf. Coastal Eng." }
  @STRING{ ICCE88 = "Proc. 21st Int. Conf. Coastal Eng., Malaga, Spain" }
  @STRING{ ICCE90 = "Proc. 22nd Int. Conf. Coastal Eng., Delft,
                     The Netherlands" }
  @STRING{ ICCE92 = "Proc. 23rd Int. Conf. Coastal Eng., Venice, Italy" }
  @STRING{ ICCE94 = "Proc. 24rd Int. Conf. Coastal Eng., Cobe, Japan" }
  @STRING{ ICCE96 = "Proc. 25th Int. Conf. Coastal Eng." }
  @STRING{ ICCE00 = "Proc. 27th Int. Conf. Coastal Eng., Sydney, Australia" }
  @STRING{ ICCE02 = "Proc. 28th Int. Conf. Coastal Eng., Cardiff, Wales" }

  @STRING{ CPDC95 = "Proc. 4st Int. Conf. Coastal Port Eng. Devlop. Countries, Rio de Janeiro, Brazil" }

  @STRING {Waves01 = "4th International Symposium on Ocean Wave Measurement
                      and Analysis"},
  @STRING {Waves05 = "5th International Symposium on Ocean Wave Measurement
                      and Analysis"},

  @STRING {banff02 = "Preprints 7th Int. Workshop on Wave Hindcasting and
                      Forecasting"}
  @STRING {oahu04  = "Preprints 8th Int. Workshop on Wave Hindcasting and
                      Forecasting"}

% item bk:ES03

@BOOK{bk:ES03,
  AUTHOR    = "A. E. Eiben and J. E. Smith",
  YEAR      = "2003",
  TITLE     = "Introduction to Evolutionary Computing",
  PUBLISHER = "Springer",
  NOTE      = "299 pp." }

% item tol:JPO92

@ARTICLE{tol:JPO92,
  AUTHOR = "H. L. Tolman",
  YEAR   = "1992",
  TITLE  = "Effects of numerics on the physics in a third-generation
            wind-wave model",
  JOURNAL = JPO,
  VOLUME = "22",
  PAGES  = "1095--1111" }

% item tol:MMAB09a

@TECHREPORT{tol:MMAB09a,
  AUTHOR      = "H. L. Tolman",
  YEAR        = "2009",
  TITLE       = "User manual and system documentation of
                 {WAVEWATCH III}~\texttrademark\ version 3.14",
  INSTITUTION = "{NOAA/NWS/NCEP/MMAB}",
  TYPE        = "Tech. Note",
  NUMBER      = "276",
  NOTE        = "194 pp. + Appendices" }

% item tol:MMAB10d

@TECHREPORT{tol:MMAB10d,
  AUTHOR      = "H. L. Tolman",
  YEAR        = "2010",
  TITLE       = "Optimum {D}iscrete {I}nteraction {A}pproximations for
                 wind waves. {Part 4:} {P}arameter optimization",
  INSTITUTION = "{NOAA/NWS/NCEP/MMAB}",
  TYPE        = "Tech. Note",
  NUMBER      = "288",
  NOTE        = "175 pp." }

% item tol:OMODgmd1

@ARTICLE{tol:OMODgmd1,
  AUTHOR  = "H. L. Tolman",
  YEAR    = "2013",
  TITLE   = "A {G}eneralized {M}ultiple {D}iscrete {I}nteraction
             {A}pproximation for resonant four-wave nonlinear interactions
             in wind wave models with arbitrary depth",
  JOURNAL = OMOD,
  NOTE    = "Submitted" }
% VOLUME  = "",
% PAGES   = "" }

% item tol:OMODgmd2

@ARTICLE{tol:OMODgmd2,
  AUTHOR  = "H. L. Tolman and R. W. Grumbine",
  YEAR    = "2013",
  TITLE   = "Optimization of a {G}eneralized {M}ultiple {D}iscrete
             {I}nteraction {A}pproximation for wind waves at arbitrary depth",
  JOURNAL = OMOD,
  NOTE    = "Submitted" }
% VOLUME  = "",
% PAGES   = "" }

